[{"id":2271291809,"price":"0.061108","qty":"0.6738","side":"sell","timestamp":"2023-09-17T21:05:16.647Z"},{"id":2271291765,"price":"0.061106","qty":"0.6749","side":"buy","timestamp":"2023-09-17T21:05:10.334Z"},{"id":2271291456,"price":"0.061103","qty":"0.1213","side":"buy","timestamp":"2023-09-17T21:04:36.550Z"},{"id":2271291400,"price":"0.061099","qty":"0.0860","side":"buy","timestamp":"2023-09-17T21:04:30.479Z"},{"id":2271291195,"price":"0.061080","qty":"0.7134","side":"buy","timestamp":"2023-09-17T21:04:05.147Z"},{"id":2271291159,"price":"0.061085","qty":"0.0616","side":"buy","timestamp":"2023-09-17T21:04:01.141Z"},{"id":2271290832,"price":"0.061068","qty":"0.4143","side":"sell","timestamp":"2023-09-17T21:03:27.826Z"},{"id":2271290796,"price":"0.061073","qty":"0.0812","side":"buy","timestamp":"2023-09-17T21:03:23.935Z"},{"id":2271290793,"price":"0.061074","qty":"0.6559","side":"sell","timestamp":"2023-09-17T21:03:23.639Z"},{"id":2271290701,"price":"0.061052","qty":"0.0006","side":"sell","timestamp":"2023-09-17T21:03:14.860Z"},{"id":2271290518,"price":"0.061069","qty":"0.0327","side":"buy","timestamp":"2023-09-17T21:02:57.507Z"},{"id":2271290386,"price":"0.061073","qty":"0.0054","side":"buy","timestamp":"2023-09-17T21:02:43.885Z"},{"id":2271290375,"price":"0.061096","qty":"0.1283","side":"sell","timestamp":"2023-09-17T21:02:43.282Z"},{"id":2271290332,"price":"0.061096","qty":"0.0006","side":"sell","timestamp":"2023-09-17T21:02:39.458Z"},{"id":2271290055,"price":"0.061110","qty":"0.0891","side":"buy","timestamp":"2023-09-17T21:02:13.840Z"},{"id":2271290042,"price":"0.061121","qty":"0.4309","side":"buy","timestamp":"2023-09-17T21:02:12.827Z"},{"id":2271289894,"price":"0.061158","qty":"0.3228","side":"buy","timestamp":"2023-09-17T21:01:58.735Z"},{"id":2271289653,"price":"0.061161","qty":"0.4782","side":"sell","timestamp":"2023-09-17T21:01:35.773Z"},{"id":2271289600,"price":"0.061160","qty":"0.5274","side":"buy","timestamp":"2023-09-17T21:01:29.836Z"},{"id":2271289494,"price":"0.061152","qty":"0.3917","side":"buy","timestamp":"2023-09-17T21:01:17.531Z"},{"id":2271289474,"price":"0.061161","qty":"0.1106","side":"buy","timestamp":"2023-09-17T21:01:14.632Z"},{"id":2271289426,"price":"0.061162","qty":"0.1013","side":"buy","timestamp":"2023-09-17T21:01:11.264Z"},{"id":2271289175,"price":"0.061179","qty":"0.0260","side":"buy","timestamp":"2023-09-17T21:00:41.150Z"},{"id":2271289165,"price":"0.061180","qty":"0.0499","side":"sell","timestamp":"2023-09-17T21:00:39.363Z"},{"id":2271289164,"price":"0.061179","qty":"0.4327","side":"buy","timestamp":"2023-09-17T21:00:39.198Z"},{"id":2271289072,"price":"0.061187","qty":"0.0395","side":"buy","timestamp":"2023-09-17T21:00:26.263Z"},{"id":2271289065,"price":"0.061179","qty":"0.0402","side":"buy","timestamp":"2023-09-17T21:00:25.658Z"},{"id":2271289051,"price":"0.061163","qty":"0.0913","side":"sell","timestamp":"2023-09-17T21:00:23.950Z"},{"id":2271288743,"price":"0.061181","qty":"0.3942","side":"buy","timestamp":"2023-09-17T20:59:37.248Z"},{"id":2271288716,"price":"0.061179","qty":"0.0006","side":"buy","timestamp":"2023-09-17T20:59:33.588Z"},{"id":2271288632,"price":"0.061130","qty":"0.0002","side":"buy","timestamp":"2023-09-17T20:59:22.302Z"},{"id":2271288617,"price":"0.061119","qty":"0.1083","side":"buy","timestamp":"2023-09-17T20:59:21.710Z"},{"id":2271288602,"price":"0.061130","qty":"0.0002","side":"buy","timestamp":"2023-09-17T20:59:20.302Z"},{"id":2271288573,"price":"0.061124","qty":"0.0006","side":"buy","timestamp":"2023-09-17T20:59:18.301Z"},{"id":2271288554,"price":"0.061124","qty":"0.0011","side":"buy","timestamp":"2023-09-17T20:59:16.106Z"},{"id":2271288529,"price":"0.061124","qty":"0.0022","side":"buy","timestamp":"2023-09-17T20:59:14.103Z"},{"id":2271288503,"price":"0.061122","qty":"0.0045","side":"buy","timestamp":"2023-09-17T20:59:12.101Z"},{"id":2271288482,"price":"0.061098","qty":"0.0090","side":"buy","timestamp":"2023-09-17T20:59:09.807Z"},{"id":2271288470,"price":"0.061111","qty":"0.0052","side":"sell","timestamp":"2023-09-17T20:59:09.338Z"},{"id":2271288399,"price":"0.061152","qty":"0.0149","side":"buy","timestamp":"2023-09-17T20:59:00.526Z"},{"id":2271288393,"price":"0.061168","qty":"0.0077","side":"buy","timestamp":"2023-09-17T20:59:00.504Z"},{"id":2271288385,"price":"0.061157","qty":"0.1389","side":"sell","timestamp":"2023-09-17T20:59:00.462Z"},{"id":2271288384,"price":"0.061157","qty":"0.0157","side":"sell","timestamp":"2023-09-17T20:59:00.458Z"},{"id":2271288383,"price":"0.061157","qty":"0.0010","side":"sell","timestamp":"2023-09-17T20:59:00.457Z"},{"id":2271288382,"price":"0.061157","qty":"0.0031","side":"sell","timestamp":"2023-09-17T20:59:00.456Z"},{"id":2271288381,"price":"0.061157","qty":"0.0022","side":"sell","timestamp":"2023-09-17T20:59:00.456Z"},{"id":2271288380,"price":"0.061157","qty":"0.0058","side":"sell","timestamp":"2023-09-17T20:59:00.450Z"},{"id":2271288379,"price":"0.061157","qty":"0.0014","side":"sell","timestamp":"2023-09-17T20:59:00.449Z"},{"id":2271288378,"price":"0.061157","qty":"0.0057","side":"sell","timestamp":"2023-09-17T20:59:00.449Z"},{"id":2271288377,"price":"0.061157","qty":"0.0058","side":"sell","timestamp":"2023-09-17T20:59:00.447Z"},{"id":2271288376,"price":"0.061157","qty":"0.0003","side":"sell","timestamp":"2023-09-17T20:59:00.446Z"},{"id":2271288375,"price":"0.061157","qty":"0.0063","side":"sell","timestamp":"2023-09-17T20:59:00.445Z"},{"id":2271288374,"price":"0.061157","qty":"0.0011","side":"sell","timestamp":"2023-09-17T20:59:00.445Z"},{"id":2271288373,"price":"0.061157","qty":"0.0016","side":"sell","timestamp":"2023-09-17T20:59:00.445Z"},{"id":2271288372,"price":"0.061157","qty":"0.0049","side":"sell","timestamp":"2023-09-17T20:59:00.406Z"},{"id":2271288371,"price":"0.061157","qty":"0.0019","side":"sell","timestamp":"2023-09-17T20:59:00.405Z"},{"id":2271288369,"price":"0.061157","qty":"0.0009","side":"sell","timestamp":"2023-09-17T20:59:00.402Z"},{"id":2271288368,"price":"0.061157","qty":"0.0076","side":"sell","timestamp":"2023-09-17T20:59:00.401Z"},{"id":2271288367,"price":"0.061157","qty":"0.0062","side":"sell","timestamp":"2023-09-17T20:59:00.401Z"},{"id":2271288366,"price":"0.061157","qty":"0.0033","side":"sell","timestamp":"2023-09-17T20:59:00.401Z"},{"id":2271288365,"price":"0.061157","qty":"0.0030","side":"sell","timestamp":"2023-09-17T20:59:00.401Z"},{"id":2271288364,"price":"0.061157","qty":"0.0258","side":"sell","timestamp":"2023-09-17T20:59:00.401Z"},{"id":2271288363,"price":"0.061157","qty":"0.0004","side":"sell","timestamp":"2023-09-17T20:59:00.400Z"},{"id":2271288362,"price":"0.061157","qty":"0.0007","side":"sell","timestamp":"2023-09-17T20:59:00.400Z"},{"id":2271288361,"price":"0.061157","qty":"0.0009","side":"sell","timestamp":"2023-09-17T20:59:00.400Z"},{"id":2271288360,"price":"0.061157","qty":"0.0172","side":"sell","timestamp":"2023-09-17T20:59:00.399Z"},{"id":2271288359,"price":"0.061157","qty":"0.0017","side":"sell","timestamp":"2023-09-17T20:59:00.398Z"},{"id":2271288358,"price":"0.061157","qty":"0.0012","side":"sell","timestamp":"2023-09-17T20:59:00.398Z"},{"id":2271288357,"price":"0.061157","qty":"0.0009","side":"sell","timestamp":"2023-09-17T20:59:00.397Z"},{"id":2271288356,"price":"0.061157","qty":"0.0002","side":"sell","timestamp":"2023-09-17T20:59:00.395Z"},{"id":2271288355,"price":"0.061157","qty":"0.0004","side":"sell","timestamp":"2023-09-17T20:59:00.395Z"},{"id":2271288354,"price":"0.061157","qty":"0.0018","side":"sell","timestamp":"2023-09-17T20:59:00.395Z"},{"id":2271288353,"price":"0.061157","qty":"0.0012","side":"sell","timestamp":"2023-09-17T20:59:00.392Z"},{"id":2271288352,"price":"0.061157","qty":"0.0003","side":"sell","timestamp":"2023-09-17T20:59:00.392Z"},{"id":2271288351,"price":"0.061157","qty":"0.0009","side":"sell","timestamp":"2023-09-17T20:59:00.391Z"},{"id":2271288350,"price":"0.061157","qty":"0.0562","side":"sell","timestamp":"2023-09-17T20:59:00.391Z"},{"id":2271288349,"price":"0.061157","qty":"0.0161","side":"sell","timestamp":"2023-09-17T20:59:00.390Z"},{"id":2271288348,"price":"0.061157","qty":"0.0072","side":"sell","timestamp":"2023-09-17T20:59:00.390Z"},{"id":2271288347,"price":"0.061157","qty":"0.0020","side":"sell","timestamp":"2023-09-17T20:59:00.390Z"},{"id":2271288346,"price":"0.061157","qty":"0.0059","side":"sell","timestamp":"2023-09-17T20:59:00.389Z"},{"id":2271288345,"price":"0.061157","qty":"0.0018","side":"sell","timestamp":"2023-09-17T20:59:00.389Z"},{"id":2271288344,"price":"0.061157","qty":"0.0562","side":"sell","timestamp":"2023-09-17T20:59:00.385Z"},{"id":2271288343,"price":"0.061157","qty":"0.0562","side":"sell","timestamp":"2023-09-17T20:59:00.384Z"},{"id":2271288342,"price":"0.061157","qty":"0.0562","side":"sell","timestamp":"2023-09-17T20:59:00.380Z"},{"id":2271288341,"price":"0.061157","qty":"0.0010","side":"sell","timestamp":"2023-09-17T20:59:00.376Z"},{"id":2271288340,"price":"0.061157","qty":"0.0018","side":"sell","timestamp":"2023-09-17T20:59:00.375Z"},{"id":2271288339,"price":"0.061157","qty":"0.0033","side":"sell","timestamp":"2023-09-17T20:59:00.375Z"},{"id":2271288338,"price":"0.061157","qty":"0.0004","side":"sell","timestamp":"2023-09-17T20:59:00.375Z"},{"id":2271288337,"price":"0.061157","qty":"0.0011","side":"sell","timestamp":"2023-09-17T20:59:00.374Z"},{"id":2271288336,"price":"0.061157","qty":"0.0009","side":"sell","timestamp":"2023-09-17T20:59:00.374Z"},{"id":2271288335,"price":"0.061157","qty":"0.0005","side":"sell","timestamp":"2023-09-17T20:59:00.373Z"},{"id":2271288334,"price":"0.061157","qty":"0.0010","side":"sell","timestamp":"2023-09-17T20:59:00.373Z"},{"id":2271288333,"price":"0.061157","qty":"0.1124","side":"sell","timestamp":"2023-09-17T20:59:00.371Z"},{"id":2271288332,"price":"0.061157","qty":"0.0006","side":"sell","timestamp":"2023-09-17T20:59:00.371Z"},{"id":2271288331,"price":"0.061157","qty":"0.0005","side":"sell","timestamp":"2023-09-17T20:59:00.371Z"},{"id":2271288330,"price":"0.061157","qty":"0.0035","side":"sell","timestamp":"2023-09-17T20:59:00.371Z"},{"id":2271288329,"price":"0.061157","qty":"0.0023","side":"sell","timestamp":"2023-09-17T20:59:00.371Z"},{"id":2271288328,"price":"0.061157","qty":"0.0017","side":"sell","timestamp":"2023-09-17T20:59:00.371Z"},{"id":2271288327,"price":"0.061157","qty":"0.0011","side":"sell","timestamp":"2023-09-17T20:59:00.371Z"},{"id":2271288326,"price":"0.061157","qty":"0.0006","side":"sell","timestamp":"2023-09-17T20:59:00.371Z"}]