[{"id":2271139096,"price":"0.061367","qty":"0.0024","side":"sell","timestamp":"2023-09-17T16:00:19.241Z"},{"id":2271139065,"price":"0.061366","qty":"0.0408","side":"buy","timestamp":"2023-09-17T16:00:13.752Z"},{"id":2271138885,"price":"0.061372","qty":"0.0146","side":"sell","timestamp":"2023-09-17T15:59:47.411Z"},{"id":2271138749,"price":"0.061369","qty":"0.0532","side":"buy","timestamp":"2023-09-17T15:59:25.648Z"},{"id":2271138709,"price":"0.061360","qty":"0.0370","side":"buy","timestamp":"2023-09-17T15:59:19.559Z"},{"id":2271138678,"price":"0.061370","qty":"0.0689","side":"buy","timestamp":"2023-09-17T15:59:14.424Z"},{"id":2271138575,"price":"0.061370","qty":"0.0061","side":"buy","timestamp":"2023-09-17T15:59:00.010Z"},{"id":2271138487,"price":"0.061371","qty":"0.0131","side":"sell","timestamp":"2023-09-17T15:58:46.148Z"},{"id":2271138446,"price":"0.061374","qty":"0.0311","side":"buy","timestamp":"2023-09-17T15:58:41.091Z"},{"id":2271138194,"price":"0.061370","qty":"0.0128","side":"sell","timestamp":"2023-09-17T15:58:03.152Z"},{"id":2271138189,"price":"0.061373","qty":"0.0531","side":"buy","timestamp":"2023-09-17T15:58:02.868Z"},{"id":2271138050,"price":"0.061371","qty":"0.0147","side":"buy","timestamp":"2023-09-17T15:57:42.549Z"},{"id":2271138022,"price":"0.061367","qty":"0.0458","side":"sell","timestamp":"2023-09-17T15:57:38.095Z"},{"id":2271137941,"price":"0.061370","qty":"0.0049","side":"sell","timestamp":"2023-09-17T15:57:24.905Z"},{"id":2271137880,"price":"0.061369","qty":"0.0061","side":"buy","timestamp":"2023-09-17T15:57:17.710Z"},{"id":2271137756,"price":"0.061368","qty":"0.0548","side":"buy","timestamp":"2023-09-17T15:56:59.034Z"},{"id":2271137600,"price":"0.061369","qty":"0.0346","side":"sell","timestamp":"2023-09-17T15:56:36.549Z"},{"id":2271137538,"price":"0.061362","qty":"0.0135","side":"sell","timestamp":"2023-09-17T15:56:27.505Z"},{"id":2271137511,"price":"0.061371","qty":"0.0109","side":"buy","timestamp":"2023-09-17T15:56:23.427Z"},{"id":2271137490,"price":"0.061362","qty":"0.0510","side":"buy","timestamp":"2023-09-17T15:56:20.615Z"},{"id":2271137263,"price":"0.061362","qty":"0.0188","side":"buy","timestamp":"2023-09-17T15:55:48.761Z"},{"id":2271137192,"price":"0.061370","qty":"0.0079","side":"buy","timestamp":"2023-09-17T15:55:39.826Z"},{"id":2271137116,"price":"0.061371","qty":"0.0129","side":"sell","timestamp":"2023-09-17T15:55:26.709Z"},{"id":2271137066,"price":"0.061369","qty":"0.0304","side":"buy","timestamp":"2023-09-17T15:55:16.759Z"},{"id":2271136838,"price":"0.061365","qty":"0.0057","side":"buy","timestamp":"2023-09-17T15:54:43.909Z"},{"id":2271136835,"price":"0.061378","qty":"0.0573","side":"sell","timestamp":"2023-09-17T15:54:43.652Z"},{"id":2271136566,"price":"0.061376","qty":"0.0460","side":"buy","timestamp":"2023-09-17T15:54:06.141Z"},{"id":2271136563,"price":"0.061378","qty":"0.0162","side":"buy","timestamp":"2023-09-17T15:54:05.648Z"},{"id":2271136135,"price":"0.061380","qty":"0.0315","side":"buy","timestamp":"2023-09-17T15:53:04.916Z"},{"id":2271136134,"price":"0.061380","qty":"0.1280","side":"buy","timestamp":"2023-09-17T15:53:04.814Z"},{"id":2271135574,"price":"0.061372","qty":"0.1154","side":"buy","timestamp":"2023-09-17T15:52:20.236Z"},{"id":2271135459,"price":"0.061380","qty":"0.0259","side":"buy","timestamp":"2023-09-17T15:52:04.550Z"},{"id":2271135139,"price":"0.061366","qty":"0.0585","side":"buy","timestamp":"2023-09-17T15:51:19.448Z"},{"id":2271135075,"price":"0.061377","qty":"0.0279","side":"buy","timestamp":"2023-09-17T15:51:11.048Z"},{"id":2271134881,"price":"0.061381","qty":"0.0213","side":"sell","timestamp":"2023-09-17T15:50:41.848Z"},{"id":2271134741,"price":"0.061370","qty":"0.1490","side":"buy","timestamp":"2023-09-17T15:50:21.243Z"},{"id":2271134659,"price":"0.061365","qty":"0.0074","side":"sell","timestamp":"2023-09-17T15:50:10.519Z"},{"id":2271134603,"price":"0.061364","qty":"0.0545","side":"buy","timestamp":"2023-09-17T15:50:02.512Z"},{"id":2271134286,"price":"0.061376","qty":"0.1068","side":"buy","timestamp":"2023-09-17T15:49:22.147Z"},{"id":2271134279,"price":"0.061363","qty":"0.0327","side":"sell","timestamp":"2023-09-17T15:49:21.416Z"},{"id":2271134007,"price":"0.061385","qty":"0.1803","side":"sell","timestamp":"2023-09-17T15:48:48.073Z"},{"id":2271133837,"price":"0.061364","qty":"0.0274","side":"buy","timestamp":"2023-09-17T15:48:27.563Z"},{"id":2271133661,"price":"0.061370","qty":"0.0521","side":"sell","timestamp":"2023-09-17T15:48:03.449Z"},{"id":2271133460,"price":"0.061365","qty":"0.0206","side":"sell","timestamp":"2023-09-17T15:47:40.010Z"},{"id":2271133157,"price":"0.061365","qty":"0.1608","side":"sell","timestamp":"2023-09-17T15:47:04.759Z"},{"id":2271133045,"price":"0.061367","qty":"0.1301","side":"sell","timestamp":"2023-09-17T15:46:50.147Z"},{"id":2271133038,"price":"0.061368","qty":"0.0141","side":"sell","timestamp":"2023-09-17T15:46:49.210Z"},{"id":2271133007,"price":"0.061370","qty":"0.1738","side":"sell","timestamp":"2023-09-17T15:46:43.347Z"},{"id":2271132578,"price":"0.061377","qty":"0.1616","side":"sell","timestamp":"2023-09-17T15:45:47.454Z"},{"id":2271132556,"price":"0.061377","qty":"0.1226","side":"sell","timestamp":"2023-09-17T15:45:45.479Z"},{"id":2271132545,"price":"0.061377","qty":"0.0356","side":"sell","timestamp":"2023-09-17T15:45:44.150Z"},{"id":2271132299,"price":"0.061384","qty":"0.1161","side":"sell","timestamp":"2023-09-17T15:45:15.448Z"},{"id":2271132248,"price":"0.061383","qty":"0.0309","side":"buy","timestamp":"2023-09-17T15:45:08.361Z"},{"id":2271132156,"price":"0.061384","qty":"0.2053","side":"sell","timestamp":"2023-09-17T15:44:58.521Z"},{"id":2271131881,"price":"0.061377","qty":"0.0111","side":"sell","timestamp":"2023-09-17T15:44:28.848Z"},{"id":2271131734,"price":"0.061380","qty":"0.1089","side":"sell","timestamp":"2023-09-17T15:44:11.105Z"},{"id":2271131647,"price":"0.061378","qty":"0.0045","side":"buy","timestamp":"2023-09-17T15:44:00.009Z"},{"id":2271131347,"price":"0.061384","qty":"0.1957","side":"sell","timestamp":"2023-09-17T15:43:23.451Z"},{"id":2271131149,"price":"0.061374","qty":"0.0124","side":"buy","timestamp":"2023-09-17T15:42:59.449Z"},{"id":2271130966,"price":"0.061376","qty":"0.0320","side":"buy","timestamp":"2023-09-17T15:42:37.110Z"},{"id":2271130919,"price":"0.061379","qty":"0.1633","side":"buy","timestamp":"2023-09-17T15:42:32.030Z"},{"id":2271130691,"price":"0.061383","qty":"0.0319","side":"buy","timestamp":"2023-09-17T15:42:09.848Z"},{"id":2271130590,"price":"0.061382","qty":"0.1341","side":"sell","timestamp":"2023-09-17T15:41:58.148Z"},{"id":2271130431,"price":"0.061377","qty":"0.0040","side":"buy","timestamp":"2023-09-17T15:41:36.330Z"},{"id":2271130390,"price":"0.061375","qty":"0.6775","side":"sell","timestamp":"2023-09-17T15:41:30.900Z"},{"id":2271130242,"price":"0.061381","qty":"0.1513","side":"buy","timestamp":"2023-09-17T15:41:13.048Z"},{"id":2271130126,"price":"0.061388","qty":"0.4340","side":"sell","timestamp":"2023-09-17T15:40:59.947Z"},{"id":2271130079,"price":"0.061386","qty":"0.2068","side":"buy","timestamp":"2023-09-17T15:40:53.184Z"},{"id":2271130040,"price":"0.061387","qty":"0.0200","side":"sell","timestamp":"2023-09-17T15:40:48.740Z"},{"id":2271130019,"price":"0.061386","qty":"0.1960","side":"buy","timestamp":"2023-09-17T15:40:46.626Z"},{"id":2271129985,"price":"0.061386","qty":"0.1248","side":"sell","timestamp":"2023-09-17T15:40:41.453Z"},{"id":2271129955,"price":"0.061384","qty":"0.1275","side":"buy","timestamp":"2023-09-17T15:40:39.545Z"},{"id":2271129902,"price":"0.061386","qty":"0.1833","side":"buy","timestamp":"2023-09-17T15:40:33.612Z"},{"id":2271129854,"price":"0.061385","qty":"0.6584","side":"buy","timestamp":"2023-09-17T15:40:27.909Z"},{"id":2271129819,"price":"0.061380","qty":"0.0642","side":"buy","timestamp":"2023-09-17T15:40:23.409Z"},{"id":2271129799,"price":"0.061380","qty":"0.4678","side":"buy","timestamp":"2023-09-17T15:40:20.759Z"},{"id":2271129750,"price":"0.061389","qty":"0.6048","side":"buy","timestamp":"2023-09-17T15:40:14.948Z"},{"id":2271129708,"price":"0.061388","qty":"0.3416","side":"buy","timestamp":"2023-09-17T15:40:09.847Z"},{"id":2271129699,"price":"0.061387","qty":"0.2055","side":"sell","timestamp":"2023-09-17T15:40:08.759Z"},{"id":2271129666,"price":"0.061384","qty":"0.4353","side":"sell","timestamp":"2023-09-17T15:40:04.228Z"},{"id":2271129640,"price":"0.061382","qty":"0.1229","side":"sell","timestamp":"2023-09-17T15:40:00.413Z"},{"id":2271129607,"price":"0.061390","qty":"0.2547","side":"buy","timestamp":"2023-09-17T15:39:56.265Z"},{"id":2271129573,"price":"0.061389","qty":"0.1731","side":"sell","timestamp":"2023-09-17T15:39:51.847Z"},{"id":2271129512,"price":"0.061386","qty":"0.4754","side":"buy","timestamp":"2023-09-17T15:39:45.847Z"},{"id":2271129507,"price":"0.061388","qty":"0.0136","side":"sell","timestamp":"2023-09-17T15:39:45.254Z"},{"id":2271129475,"price":"0.061381","qty":"0.2260","side":"buy","timestamp":"2023-09-17T15:39:41.644Z"},{"id":2271129459,"price":"0.061381","qty":"0.3806","side":"sell","timestamp":"2023-09-17T15:39:39.847Z"},{"id":2271129405,"price":"0.061384","qty":"0.2571","side":"sell","timestamp":"2023-09-17T15:39:33.648Z"},{"id":2271129373,"price":"0.061386","qty":"0.1228","side":"sell","timestamp":"2023-09-17T15:39:28.130Z"},{"id":2271129333,"price":"0.061384","qty":"0.2058","side":"sell","timestamp":"2023-09-17T15:39:23.285Z"},{"id":2271129288,"price":"0.061388","qty":"0.1776","side":"sell","timestamp":"2023-09-17T15:39:19.647Z"},{"id":2271129259,"price":"0.061382","qty":"0.0259","side":"buy","timestamp":"2023-09-17T15:39:16.672Z"},{"id":2271129235,"price":"0.061381","qty":"0.1127","side":"sell","timestamp":"2023-09-17T15:39:13.659Z"},{"id":2271129201,"price":"0.061379","qty":"0.1573","side":"buy","timestamp":"2023-09-17T15:39:09.648Z"},{"id":2271129193,"price":"0.061384","qty":"0.0108","side":"buy","timestamp":"2023-09-17T15:39:08.576Z"},{"id":2271129187,"price":"0.061382","qty":"0.1569","side":"sell","timestamp":"2023-09-17T15:39:08.063Z"},{"id":2271129175,"price":"0.061381","qty":"0.0658","side":"sell","timestamp":"2023-09-17T15:39:06.547Z"},{"id":2271129089,"price":"0.061387","qty":"0.1288","side":"buy","timestamp":"2023-09-17T15:38:55.166Z"},{"id":2271129061,"price":"0.061389","qty":"0.1565","side":"sell","timestamp":"2023-09-17T15:38:52.898Z"},{"id":2271129015,"price":"0.061388","qty":"0.0163","side":"sell","timestamp":"2023-09-17T15:38:47.909Z"}]