[
  {
    "id": 2271500325,
    "price": "0.061186",
    "qty": "0.1217",
    "side": "buy",
    "timestamp": "2023-09-18T04:05:05.133Z"
  },
  {
    "id": 2271500290,
    "price": "0.061187",
    "qty": "0.1207",
    "side": "buy",
    "timestamp": "2023-09-18T04:05:01.659Z"
  },
  {
    "id": 2271500052,
    "price": "0.061182",
    "qty": "0.0101",
    "side": "buy",
    "timestamp": "2023-09-18T04:04:38.401Z"
  },
  {
    "id": 2271499930,
    "price": "0.061178",
    "qty": "0.0477",
    "side": "sell",
    "timestamp": "2023-09-18T04:04:24.759Z"
  },
  {
    "id": 2271499786,
    "price": "0.061174",
    "qty": "0.0074",
    "side": "buy",
    "timestamp": "2023-09-18T04:04:09.910Z"
  },
  {
    "id": 2271499778,
    "price": "0.061175",
    "qty": "0.0599",
    "side": "sell",
    "timestamp": "2023-09-18T04:04:09.441Z"
  },
  {
    "id": 2271499157,
    "price": "0.061161",
    "qty": "0.0110",
    "side": "sell",
    "timestamp": "2023-09-18T04:03:05.239Z"
  },
  {
    "id": 2271499114,
    "price": "0.061161",
    "qty": "0.0069",
    "side": "buy",
    "timestamp": "2023-09-18T04:03:00.235Z"
  },
  {
    "id": 2271498990,
    "price": "0.061154",
    "qty": "0.0144",
    "side": "buy",
    "timestamp": "2023-09-18T04:02:48.650Z"
  },
  {
    "id": 2271498986,
    "price": "0.061155",
    "qty": "0.0378",
    "side": "sell",
    "timestamp": "2023-09-18T04:02:48.444Z"
  },
  {
    "id": 2271498352,
    "price": "0.061146",
    "qty": "0.0053",
    "side": "buy",
    "timestamp": "2023-09-18T04:01:36.081Z"
  },
  {
    "id": 2271498015,
    "price": "0.061148",
    "qty": "0.1016",
    "side": "sell",
    "timestamp": "2023-09-18T04:01:09.333Z"
  },
  {
    "id": 2271497739,
    "price": "0.061148",
    "qty": "0.1029",
    "side": "sell",
    "timestamp": "2023-09-18T04:00:34.833Z"
  },
  {
    "id": 2271497692,
    "price": "0.061147",
    "qty": "0.0141",
    "side": "buy",
    "timestamp": "2023-09-18T04:00:30.646Z"
  },
  {
    "id": 2271497425,
    "price": "0.061149",
    "qty": "0.0890",
    "side": "sell",
    "timestamp": "2023-09-18T03:59:55.997Z"
  },
  {
    "id": 2271497355,
    "price": "0.061147",
    "qty": "0.0219",
    "side": "buy",
    "timestamp": "2023-09-18T03:59:47.535Z"
  },
  {
    "id": 2271497212,
    "price": "0.061155",
    "qty": "0.0001",
    "side": "buy",
    "timestamp": "2023-09-18T03:59:30.014Z"
  },
  {
    "id": 2271497116,
    "price": "0.061148",
    "qty": "0.0750",
    "side": "sell",
    "timestamp": "2023-09-18T03:59:19.659Z"
  },
  {
    "id": 2271496955,
    "price": "0.061146",
    "qty": "0.0216",
    "side": "buy",
    "timestamp": "2023-09-18T03:58:58.867Z"
  },
  {
    "id": 2271496834,
    "price": "0.061145",
    "qty": "0.0100",
    "side": "sell",
    "timestamp": "2023-09-18T03:58:42.212Z"
  },
  {
    "id": 2271496723,
    "price": "0.061138",
    "qty": "0.0633",
    "side": "buy",
    "timestamp": "2023-09-18T03:58:29.714Z"
  },
  {
    "id": 2271496512,
    "price": "0.061133",
    "qty": "0.0167",
    "side": "buy",
    "timestamp": "2023-09-18T03:57:59.430Z"
  },
  {
    "id": 2271496272,
    "price": "0.061130",
    "qty": "0.0579",
    "side": "buy",
    "timestamp": "2023-09-18T03:57:27.932Z"
  },
  {
    "id": 2271496257,
    "price": "0.061126",
    "qty": "0.0091",
    "side": "buy",
    "timestamp": "2023-09-18T03:57:25.810Z"
  },
  {
    "id": 2271495847,
    "price": "0.061125",
    "qty": "0.0090",
    "side": "buy",
    "timestamp": "2023-09-18T03:56:34.180Z"
  },
  {
    "id": 2271495756,
    "price": "0.061125",
    "qty": "0.0646",
    "side": "sell",
    "timestamp": "2023-09-18T03:56:23.770Z"
  },
  {
    "id": 2271495390,
    "price": "0.061126",
    "qty": "0.0100",
    "side": "buy",
    "timestamp": "2023-09-18T03:55:38.810Z"
  },
  {
    "id": 2271495350,
    "price": "0.061127",
    "qty": "0.0171",
    "side": "sell",
    "timestamp": "2023-09-18T03:55:34.345Z"
  },
  {
    "id": 2271495282,
    "price": "0.061126",
    "qty": "0.0840",
    "side": "buy",
    "timestamp": "2023-09-18T03:55:26.059Z"
  },
  {
    "id": 2271495252,
    "price": "0.061126",
    "qty": "0.0087",
    "side": "buy",
    "timestamp": "2023-09-18T03:55:23.766Z"
  },
  {
    "id": 2271495137,
    "price": "0.061136",
    "qty": "0.0147",
    "side": "buy",
    "timestamp": "2023-09-18T03:55:10.514Z"
  },
  {
    "id": 2271495068,
    "price": "0.061138",
    "qty": "0.0963",
    "side": "sell",
    "timestamp": "2023-09-18T03:55:02.759Z"
  },
  {
    "id": 2271495025,
    "price": "0.061140",
    "qty": "0.0127",
    "side": "sell",
    "timestamp": "2023-09-18T03:54:58.071Z"
  },
  {
    "id": 2271494945,
    "price": "0.061138",
    "qty": "0.0142",
    "side": "buy",
    "timestamp": "2023-09-18T03:54:47.938Z"
  },
  {
    "id": 2271494775,
    "price": "0.061138",
    "qty": "0.0470",
    "side": "buy",
    "timestamp": "2023-09-18T03:54:29.089Z"
  },
  {
    "id": 2271494591,
    "price": "0.061140",
    "qty": "0.0090",
    "side": "buy",
    "timestamp": "2023-09-18T03:54:08.810Z"
  },
  {
    "id": 2271494481,
    "price": "0.061138",
    "qty": "0.0795",
    "side": "sell",
    "timestamp": "2023-09-18T03:53:57.922Z"
  },
  {
    "id": 2271494352,
    "price": "0.061140",
    "qty": "0.0701",
    "side": "sell",
    "timestamp": "2023-09-18T03:53:43.344Z"
  },
  {
    "id": 2271494258,
    "price": "0.061138",
    "qty": "0.0046",
    "side": "sell",
    "timestamp": "2023-09-18T03:53:32.033Z"
  },
  {
    "id": 2271493951,
    "price": "0.061142",
    "qty": "0.1181",
    "side": "buy",
    "timestamp": "2023-09-18T03:52:59.959Z"
  },
  {
    "id": 2271493948,
    "price": "0.061134",
    "qty": "0.0055",
    "side": "buy",
    "timestamp": "2023-09-18T03:52:59.123Z"
  },
  {
    "id": 2271493924,
    "price": "0.061136",
    "qty": "0.0876",
    "side": "buy",
    "timestamp": "2023-09-18T03:52:55.902Z"
  },
  {
    "id": 2271493727,
    "price": "0.061139",
    "qty": "0.0144",
    "side": "sell",
    "timestamp": "2023-09-18T03:52:46.937Z"
  },
  {
    "id": 2271493620,
    "price": "0.061141",
    "qty": "0.0371",
    "side": "buy",
    "timestamp": "2023-09-18T03:52:32.338Z"
  },
  {
    "id": 2271493567,
    "price": "0.061135",
    "qty": "0.0538",
    "side": "buy",
    "timestamp": "2023-09-18T03:52:25.645Z"
  },
  {
    "id": 2271493455,
    "price": "0.061137",
    "qty": "0.0228",
    "side": "sell",
    "timestamp": "2023-09-18T03:52:10.018Z"
  },
  {
    "id": 2271493358,
    "price": "0.061137",
    "qty": "0.0691",
    "side": "buy",
    "timestamp": "2023-09-18T03:52:00.091Z"
  },
  {
    "id": 2271493349,
    "price": "0.061141",
    "qty": "0.0710",
    "side": "sell",
    "timestamp": "2023-09-18T03:51:58.644Z"
  },
  {
    "id": 2271493219,
    "price": "0.061132",
    "qty": "0.0040",
    "side": "buy",
    "timestamp": "2023-09-18T03:51:44.050Z"
  },
  {
    "id": 2271493183,
    "price": "0.061136",
    "qty": "0.0810",
    "side": "sell",
    "timestamp": "2023-09-18T03:51:39.644Z"
  },
  {
    "id": 2271493111,
    "price": "0.061133",
    "qty": "0.0044",
    "side": "buy",
    "timestamp": "2023-09-18T03:51:32.545Z"
  },
  {
    "id": 2271493091,
    "price": "0.061139",
    "qty": "0.0086",
    "side": "sell",
    "timestamp": "2023-09-18T03:51:29.997Z"
  },
  {
    "id": 2271492912,
    "price": "0.061136",
    "qty": "0.0787",
    "side": "buy",
    "timestamp": "2023-09-18T03:51:07.862Z"
  },
  {
    "id": 2271492877,
    "price": "0.061133",
    "qty": "0.0049",
    "side": "sell",
    "timestamp": "2023-09-18T03:51:03.809Z"
  },
  {
    "id": 2271492715,
    "price": "0.061141",
    "qty": "0.0667",
    "side": "buy",
    "timestamp": "2023-09-18T03:50:46.609Z"
  },
  {
    "id": 2271492642,
    "price": "0.061142",
    "qty": "0.0685",
    "side": "buy",
    "timestamp": "2023-09-18T03:50:36.778Z"
  },
  {
    "id": 2271492530,
    "price": "0.061137",
    "qty": "0.0706",
    "side": "sell",
    "timestamp": "2023-09-18T03:50:24.840Z"
  },
  {
    "id": 2271492491,
    "price": "0.061137",
    "qty": "0.0804",
    "side": "sell",
    "timestamp": "2023-09-18T03:50:19.444Z"
  },
  {
    "id": 2271492456,
    "price": "0.061139",
    "qty": "0.0689",
    "side": "buy",
    "timestamp": "2023-09-18T03:50:16.957Z"
  },
  {
    "id": 2271492392,
    "price": "0.061141",
    "qty": "0.0097",
    "side": "buy",
    "timestamp": "2023-09-18T03:50:10.155Z"
  },
  {
    "id": 2271492378,
    "price": "0.061143",
    "qty": "0.0195",
    "side": "sell",
    "timestamp": "2023-09-18T03:50:08.245Z"
  },
  {
    "id": 2271492340,
    "price": "0.061134",
    "qty": "0.0704",
    "side": "buy",
    "timestamp": "2023-09-18T03:50:04.216Z"
  },
  {
    "id": 2271492270,
    "price": "0.061133",
    "qty": "0.1087",
    "side": "buy",
    "timestamp": "2023-09-18T03:49:57.779Z"
  },
  {
    "id": 2271492209,
    "price": "0.061142",
    "qty": "0.0103",
    "side": "sell",
    "timestamp": "2023-09-18T03:49:50.531Z"
  },
  {
    "id": 2271492169,
    "price": "0.061138",
    "qty": "0.0472",
    "side": "buy",
    "timestamp": "2023-09-18T03:49:46.244Z"
  },
  {
    "id": 2271492081,
    "price": "0.061144",
    "qty": "0.1170",
    "side": "sell",
    "timestamp": "2023-09-18T03:49:35.759Z"
  },
  {
    "id": 2271492074,
    "price": "0.061139",
    "qty": "0.0014",
    "side": "sell",
    "timestamp": "2023-09-18T03:49:35.147Z"
  },
  {
    "id": 2271491999,
    "price": "0.061138",
    "qty": "0.0345",
    "side": "buy",
    "timestamp": "2023-09-18T03:49:27.997Z"
  },
  {
    "id": 2271491958,
    "price": "0.061142",
    "qty": "0.0750",
    "side": "sell",
    "timestamp": "2023-09-18T03:49:22.229Z"
  },
  {
    "id": 2271491942,
    "price": "0.061143",
    "qty": "0.0674",
    "side": "buy",
    "timestamp": "2023-09-18T03:49:20.644Z"
  },
  {
    "id": 2271491898,
    "price": "0.061137",
    "qty": "0.0428",
    "side": "sell",
    "timestamp": "2023-09-18T03:49:15.959Z"
  },
  {
    "id": 2271491887,
    "price": "0.061133",
    "qty": "0.0603",
    "side": "buy",
    "timestamp": "2023-09-18T03:49:14.322Z"
  },
  {
    "id": 2271491831,
    "price": "0.061133",
    "qty": "0.0494",
    "side": "buy",
    "timestamp": "2023-09-18T03:49:08.867Z"
  },
  {
    "id": 2271491798,
    "price": "0.061138",
    "qty": "0.1577",
    "side": "buy",
    "timestamp": "2023-09-18T03:49:05.144Z"
  },
  {
    "id": 2271491766,
    "price": "0.061141",
    "qty": "0.0665",
    "side": "buy",
    "timestamp": "2023-09-18T03:49:01.919Z"
  },
  {
    "id": 2271491736,
    "price": "0.061136",
    "qty": "0.0896",
    "side": "buy",
    "timestamp": "2023-09-18T03:48:58.744Z"
  },
  {
    "id": 2271491726,
    "price": "0.061141",
    "qty": "0.0028",
    "side": "sell",
    "timestamp": "2023-09-18T03:48:57.546Z"
  },
  {
    "id": 2271491698,
    "price": "0.061140",
    "qty": "0.0236",
    "side": "sell",
    "timestamp": "2023-09-18T03:48:53.095Z"
  },
  {
    "id": 2271491669,
    "price": "0.061140",
    "qty": "0.0666",
    "side": "sell",
    "timestamp": "2023-09-18T03:48:49.548Z"
  },
  {
    "id": 2271491637,
    "price": "0.061141",
    "qty": "0.0460",
    "side": "sell",
    "timestamp": "2023-09-18T03:48:45.144Z"
  },
  {
    "id": 2271491614,
    "price": "0.061141",
    "qty": "0.0794",
    "side": "buy",
    "timestamp": "2023-09-18T03:48:41.821Z"
  },
  {
    "id": 2271491584,
    "price": "0.061139",
    "qty": "0.0604",
    "side": "buy",
    "timestamp": "2023-09-18T03:48:39.146Z"
  },
  {
    "id": 2271491553,
    "price": "0.061136",
    "qty": "0.0235",
    "side": "buy",
    "timestamp": "2023-09-18T03:48:35.706Z"
  },
  {
    "id": 2271491530,
    "price": "0.061140",
    "qty": "0.0499",
    "side": "sell",
    "timestamp": "2023-09-18T03:48:32.565Z"
  },
  {
    "id": 2271491499,
    "price": "0.061132",
    "qty": "0.0595",
    "side": "sell",
    "timestamp": "2023-09-18T03:48:28.944Z"
  },
  {
    "id": 2271491454,
    "price": "0.061134",
    "qty": "0.0543",
    "side": "sell",
    "timestamp": "2023-09-18T03:48:23.444Z"
  },
  {
    "id": 2271491431,
    "price": "0.061133",
    "qty": "0.0360",
    "side": "sell",
    "timestamp": "2023-09-18T03:48:19.444Z"
  },
  {
    "id": 2271491412,
    "price": "0.061137",
    "qty": "0.0248",
    "side": "buy",
    "timestamp": "2023-09-18T03:48:17.895Z"
  },
  {
    "id": 2271491398,
    "price": "0.061132",
    "qty": "0.0036",
    "side": "sell",
    "timestamp": "2023-09-18T03:48:16.645Z"
  },
  {
    "id": 2271491396,
    "price": "0.061140",
    "qty": "0.0411",
    "side": "buy",
    "timestamp": "2023-09-18T03:48:16.444Z"
  },
  {
    "id": 2271491354,
    "price": "0.061129",
    "qty": "0.0572",
    "side": "buy",
    "timestamp": "2023-09-18T03:48:11.588Z"
  },
  {
    "id": 2271491335,
    "price": "0.061131",
    "qty": "0.0251",
    "side": "buy",
    "timestamp": "2023-09-18T03:48:09.992Z"
  },
  {
    "id": 2271491317,
    "price": "0.061132",
    "qty": "0.0201",
    "side": "buy",
    "timestamp": "2023-09-18T03:48:08.546Z"
  },
  {
    "id": 2271491309,
    "price": "0.061133",
    "qty": "0.0045",
    "side": "sell",
    "timestamp": "2023-09-18T03:48:07.246Z"
  },
  {
    "id": 2271491299,
    "price": "0.061134",
    "qty": "0.0511",
    "side": "buy",
    "timestamp": "2023-09-18T03:48:05.044Z"
  },
  {
    "id": 2271491217,
    "price": "0.061141",
    "qty": "0.0753",
    "side": "sell",
    "timestamp": "2023-09-18T03:47:58.157Z"
  },
  {
    "id": 2271491189,
    "price": "0.061134",
    "qty": "0.0006",
    "side": "sell",
    "timestamp": "2023-09-18T03:47:54.729Z"
  },
  {
    "id": 2271491187,
    "price": "0.061140",
    "qty": "0.0502",
    "side": "buy",
    "timestamp": "2023-09-18T03:47:54.537Z"
  },
  {
    "id": 2271491182,
    "price": "0.061141",
    "qty": "0.0065",
    "side": "buy",
    "timestamp": "2023-09-18T03:47:54.085Z"
  },
  {
    "id": 2271491148,
    "price": "0.061142",
    "qty": "0.0082",
    "side": "buy",
    "timestamp": "2023-09-18T03:47:51.057Z"
  }
]
